%YAML 1.1
%TAG !u! tag:unity3d.com,2011:
--- !u!1 &3699883005046176535
GameObject:
  m_ObjectHideFlags: 0
  m_CorrespondingSourceObject: {fileID: 0}
  m_PrefabInstance: {fileID: 0}
  m_PrefabAsset: {fileID: 0}
  serializedVersion: 6
  m_Component:
  - component: {fileID: 8501722099146047270}
  - component: {fileID: 5804323864848324078}
  - component: {fileID: 6658489386539723986}
  - component: {fileID: 4395069533798805382}
  - component: {fileID: 3563819532728028061}
  - component: {fileID: 4712429224639659898}
  m_Layer: 0
  m_Name: GlassLockingButton
  m_TagString: Untagged
  m_Icon: {fileID: 0}
  m_NavMeshLayer: 0
  m_StaticEditorFlags: 0
  m_IsActive: 1
--- !u!4 &8501722099146047270
Transform:
  m_ObjectHideFlags: 0
  m_CorrespondingSourceObject: {fileID: 0}
  m_PrefabInstance: {fileID: 0}
  m_PrefabAsset: {fileID: 0}
  m_GameObject: {fileID: 3699883005046176535}
  m_LocalRotation: {x: -0, y: -0, z: -0, w: 1}
  m_LocalPosition: {x: 0.007, y: 0.17, z: -0.023}
  m_LocalScale: {x: 1.6666665, y: 1.6666665, z: 1.6666665}
  m_ConstrainProportionsScale: 0
  m_Children:
  - {fileID: 4292783094866890861}
  - {fileID: 6103387383067113441}
  m_Father: {fileID: 0}
  m_RootOrder: 0
  m_LocalEulerAnglesHint: {x: 0, y: 0, z: 0}
--- !u!114 &5804323864848324078
MonoBehaviour:
  m_ObjectHideFlags: 0
  m_CorrespondingSourceObject: {fileID: 0}
  m_PrefabInstance: {fileID: 0}
  m_PrefabAsset: {fileID: 0}
  m_GameObject: {fileID: 3699883005046176535}
  m_Enabled: 1
  m_EditorHideFlags: 0
  m_Script: {fileID: 11500000, guid: 8233d90336aea43098adf6dbabd606a2, type: 3}
  m_Name: 
  m_EditorClassIdentifier: 
  m_MeshFormatVersion: 2
  m_Faces:
  - m_Indexes: 000000000100000002000000010000000300000002000000
    m_SmoothingGroup: 0
    m_Uv:
      m_UseWorldSpace: 0
      m_FlipU: 0
      m_FlipV: 0
      m_SwapUV: 0
      m_Fill: 1
      m_Scale: {x: 1, y: 1}
      m_Offset: {x: 0, y: 0}
      m_Rotation: 0
      m_Anchor: 9
    m_Material: {fileID: 0}
    m_SubmeshIndex: 0
    m_ManualUV: 0
    elementGroup: -1
    m_TextureGroup: -1
  - m_Indexes: 040000000500000006000000050000000700000006000000
    m_SmoothingGroup: 0
    m_Uv:
      m_UseWorldSpace: 0
      m_FlipU: 0
      m_FlipV: 0
      m_SwapUV: 0
      m_Fill: 1
      m_Scale: {x: 1, y: 1}
      m_Offset: {x: 0, y: 0}
      m_Rotation: 0
      m_Anchor: 9
    m_Material: {fileID: 0}
    m_SubmeshIndex: 0
    m_ManualUV: 0
    elementGroup: -1
    m_TextureGroup: -1
  - m_Indexes: 08000000090000000a000000090000000b0000000a000000
    m_SmoothingGroup: 0
    m_Uv:
      m_UseWorldSpace: 0
      m_FlipU: 0
      m_FlipV: 0
      m_SwapUV: 0
      m_Fill: 1
      m_Scale: {x: 1, y: 1}
      m_Offset: {x: 0, y: 0}
      m_Rotation: 0
      m_Anchor: 9
    m_Material: {fileID: 0}
    m_SubmeshIndex: 0
    m_ManualUV: 0
    elementGroup: -1
    m_TextureGroup: -1
  - m_Indexes: 0c0000000d0000000e0000000d0000000f0000000e000000
    m_SmoothingGroup: 0
    m_Uv:
      m_UseWorldSpace: 0
      m_FlipU: 0
      m_FlipV: 0
      m_SwapUV: 0
      m_Fill: 1
      m_Scale: {x: 1, y: 1}
      m_Offset: {x: 0, y: 0}
      m_Rotation: 0
      m_Anchor: 9
    m_Material: {fileID: 0}
    m_SubmeshIndex: 0
    m_ManualUV: 0
    elementGroup: -1
    m_TextureGroup: -1
  - m_Indexes: 100000001100000012000000110000001300000012000000
    m_SmoothingGroup: 0
    m_Uv:
      m_UseWorldSpace: 0
      m_FlipU: 0
      m_FlipV: 0
      m_SwapUV: 0
      m_Fill: 1
      m_Scale: {x: 1, y: 1}
      m_Offset: {x: 0, y: 0}
      m_Rotation: 0
      m_Anchor: 9
    m_Material: {fileID: 0}
    m_SubmeshIndex: 0
    m_ManualUV: 0
    elementGroup: -1
    m_TextureGroup: -1
  m_SharedVertices:
  - m_Vertices: 000000000d000000
  - m_Vertices: 0100000004000000
  - m_Vertices: 020000000f00000010000000
  - m_Vertices: 030000000600000011000000
  - m_Vertices: 0500000008000000
  - m_Vertices: 070000000a00000013000000
  - m_Vertices: 090000000c000000
  - m_Vertices: 0b0000000e00000012000000
  m_SharedTextures: []
  m_Positions:
  - {x: -0.07149196, y: -0.04372573, z: 0.09500207}
  - {x: 0.07149196, y: -0.04372573, z: 0.09500207}
  - {x: -0.07149196, y: 0.04372573, z: 0.09500207}
  - {x: 0.07149196, y: 0.04372573, z: 0.09500207}
  - {x: 0.07149196, y: -0.04372573, z: 0.09500207}
  - {x: 0.07149196, y: -0.04372573, z: -0.09500207}
  - {x: 0.07149196, y: 0.04372573, z: 0.09500207}
  - {x: 0.07149196, y: 0.04372573, z: -0.09500207}
  - {x: 0.07149196, y: -0.04372573, z: -0.09500207}
  - {x: -0.07149196, y: -0.04372573, z: -0.09500207}
  - {x: 0.07149196, y: 0.04372573, z: -0.09500207}
  - {x: -0.07149196, y: 0.04372573, z: -0.09500207}
  - {x: -0.07149196, y: -0.04372573, z: -0.09500207}
  - {x: -0.07149196, y: -0.04372573, z: 0.09500207}
  - {x: -0.07149196, y: 0.04372573, z: -0.09500207}
  - {x: -0.07149196, y: 0.04372573, z: 0.09500207}
  - {x: -0.07149196, y: 0.04372573, z: 0.09500207}
  - {x: 0.07149196, y: 0.04372573, z: 0.09500207}
  - {x: -0.07149196, y: 0.04372573, z: -0.09500207}
  - {x: 0.07149196, y: 0.04372573, z: -0.09500207}
  m_Textures0:
  - {x: 0.07149196, y: -0.04372573}
  - {x: -0.07149196, y: -0.04372573}
  - {x: 0.07149196, y: 0.04372573}
  - {x: -0.07149196, y: 0.04372573}
  - {x: 0.09500207, y: -0.04372573}
  - {x: -0.09500207, y: -0.04372573}
  - {x: 0.09500207, y: 0.04372573}
  - {x: -0.09500207, y: 0.04372573}
  - {x: 0.07149196, y: -0.04372573}
  - {x: -0.07149196, y: -0.04372573}
  - {x: 0.07149196, y: 0.04372573}
  - {x: -0.07149196, y: 0.04372573}
  - {x: 0.09500207, y: -0.04372573}
  - {x: -0.09500207, y: -0.04372573}
  - {x: 0.09500207, y: 0.04372573}
  - {x: -0.09500207, y: 0.04372573}
  - {x: -0.07149196, y: 0.09500207}
  - {x: 0.07149196, y: 0.09500207}
  - {x: -0.07149196, y: -0.09500207}
  - {x: 0.07149196, y: -0.09500207}
  m_Textures2: []
  m_Textures3: []
  m_Tangents:
  - {x: -1, y: 0, z: 0, w: -1}
  - {x: -1, y: 0, z: 0, w: -1}
  - {x: -1, y: 0, z: 0, w: -1}
  - {x: -1, y: 0, z: 0, w: -1}
  - {x: 0, y: 0, z: 1, w: -1}
  - {x: 0, y: 0, z: 1, w: -1}
  - {x: 0, y: 0, z: 1, w: -1}
  - {x: 0, y: 0, z: 1, w: -1}
  - {x: 1, y: 0, z: 0, w: -1}
  - {x: 1, y: 0, z: 0, w: -1}
  - {x: 1, y: 0, z: 0, w: -1}
  - {x: 1, y: 0, z: 0, w: -1}
  - {x: 0, y: 0, z: -1, w: -1}
  - {x: 0, y: 0, z: -1, w: -1}
  - {x: 0, y: 0, z: -1, w: -1}
  - {x: 0, y: 0, z: -1, w: -1}
  - {x: 1, y: 0, z: 0, w: -1}
  - {x: 1, y: 0, z: 0, w: -1}
  - {x: 1, y: 0, z: 0, w: -1}
  - {x: 1, y: 0, z: 0, w: -1}
  m_Colors: []
  m_UnwrapParameters:
    m_HardAngle: 88
    m_PackMargin: 20
    m_AngleError: 8
    m_AreaError: 15
  m_PreserveMeshAssetOnDestroy: 0
  assetGuid: 
  m_Mesh: {fileID: 0}
  m_VersionIndex: 1574
  m_IsSelectable: 1
  m_SelectedFaces: 
  m_SelectedEdges: []
  m_SelectedVertices: 
--- !u!114 &6658489386539723986
MonoBehaviour:
  m_ObjectHideFlags: 0
  m_CorrespondingSourceObject: {fileID: 0}
  m_PrefabInstance: {fileID: 0}
  m_PrefabAsset: {fileID: 0}
  m_GameObject: {fileID: 3699883005046176535}
  m_Enabled: 1
  m_EditorHideFlags: 0
  m_Script: {fileID: 11500000, guid: 1ca002da428252441b92f28d83c8a65f, type: 3}
  m_Name: 
  m_EditorClassIdentifier: 
  m_Shape:
    rid: 4883636138657972225
  m_Size: {x: 0.14298391, y: 0.08745146, z: 0.19000414}
  m_Rotation: {x: 0, y: 0, z: 0, w: 1}
  m_PivotLocation: 0
  m_PivotPosition: {x: 0, y: 0, z: 0}
  m_UnmodifiedMeshVersion: 1415
  m_ShapeBox:
    m_Center: {x: 0, y: 0, z: 0}
    m_Extent: {x: 0.07149196, y: 0.04372573, z: 0.09500207}
  references:
    version: 2
    RefIds:
    - rid: 4883636138657972225
      type: {class: Cube, ns: UnityEngine.ProBuilder.Shapes, asm: Unity.ProBuilder}
--- !u!23 &4395069533798805382
MeshRenderer:
  m_ObjectHideFlags: 0
  m_CorrespondingSourceObject: {fileID: 0}
  m_PrefabInstance: {fileID: 0}
  m_PrefabAsset: {fileID: 0}
  m_GameObject: {fileID: 3699883005046176535}
  m_Enabled: 1
  m_CastShadows: 1
  m_ReceiveShadows: 1
  m_DynamicOccludee: 1
  m_StaticShadowCaster: 0
  m_MotionVectors: 1
  m_LightProbeUsage: 1
  m_ReflectionProbeUsage: 1
  m_RayTracingMode: 2
  m_RayTraceProcedural: 0
  m_RenderingLayerMask: 1
  m_RendererPriority: 0
  m_Materials:
  - {fileID: 2100000, guid: ac8397b3204c65e4ea3b04a0e1ca0832, type: 2}
  m_StaticBatchInfo:
    firstSubMesh: 0
    subMeshCount: 0
  m_StaticBatchRoot: {fileID: 0}
  m_ProbeAnchor: {fileID: 0}
  m_LightProbeVolumeOverride: {fileID: 0}
  m_ScaleInLightmap: 1
  m_ReceiveGI: 1
  m_PreserveUVs: 0
  m_IgnoreNormalsForChartDetection: 0
  m_ImportantGI: 0
  m_StitchLightmapSeams: 1
  m_SelectedEditorRenderState: 2
  m_MinimumChartSize: 4
  m_AutoUVMaxDistance: 0.5
  m_AutoUVMaxAngle: 89
  m_LightmapParameters: {fileID: 0}
  m_SortingLayerID: 0
  m_SortingLayer: 0
  m_SortingOrder: 0
  m_AdditionalVertexStreams: {fileID: 0}
--- !u!33 &3563819532728028061
MeshFilter:
  m_ObjectHideFlags: 0
  m_CorrespondingSourceObject: {fileID: 0}
  m_PrefabInstance: {fileID: 0}
  m_PrefabAsset: {fileID: 0}
  m_GameObject: {fileID: 3699883005046176535}
  m_Mesh: {fileID: 0}
--- !u!64 &4712429224639659898
MeshCollider:
  m_ObjectHideFlags: 0
  m_CorrespondingSourceObject: {fileID: 0}
  m_PrefabInstance: {fileID: 0}
  m_PrefabAsset: {fileID: 0}
  m_GameObject: {fileID: 3699883005046176535}
  m_Material: {fileID: 0}
  m_IsTrigger: 0
  m_Enabled: 1
  serializedVersion: 4
  m_Convex: 0
  m_CookingOptions: 30
  m_Mesh: {fileID: 0}
--- !u!1 &4292783094866890858
GameObject:
  m_ObjectHideFlags: 0
  m_CorrespondingSourceObject: {fileID: 0}
  m_PrefabInstance: {fileID: 0}
  m_PrefabAsset: {fileID: 0}
  serializedVersion: 6
  m_Component:
  - component: {fileID: 4292783094866890861}
  m_Layer: 0
  m_Name: RotationPivot
  m_TagString: Untagged
  m_Icon: {fileID: 0}
  m_NavMeshLayer: 0
  m_StaticEditorFlags: 0
  m_IsActive: 1
--- !u!4 &4292783094866890861
Transform:
  m_ObjectHideFlags: 0
  m_CorrespondingSourceObject: {fileID: 0}
  m_PrefabInstance: {fileID: 0}
  m_PrefabAsset: {fileID: 0}
  m_GameObject: {fileID: 4292783094866890858}
  m_LocalRotation: {x: 0, y: 0, z: 0, w: 1}
  m_LocalPosition: {x: 0, y: -0.044, z: 0.095}
  m_LocalScale: {x: 1, y: 1, z: 1}
  m_ConstrainProportionsScale: 0
  m_Children: []
  m_Father: {fileID: 8501722099146047270}
  m_RootOrder: 0
  m_LocalEulerAnglesHint: {x: 0, y: 0, z: 0}
--- !u!1 &5430659051834436237
GameObject:
  m_ObjectHideFlags: 0
  m_CorrespondingSourceObject: {fileID: 0}
  m_PrefabInstance: {fileID: 0}
  m_PrefabAsset: {fileID: 0}
  serializedVersion: 6
  m_Component:
  - component: {fileID: 6103387383067113441}
  - component: {fileID: 8770671259873034035}
  - component: {fileID: 9096673077119143982}
  - component: {fileID: 7133970275151332190}
  - component: {fileID: 7513686276922822234}
  - component: {fileID: 8499218159863884209}
  m_Layer: 0
  m_Name: InsideGlass
  m_TagString: Untagged
  m_Icon: {fileID: 0}
  m_NavMeshLayer: 0
  m_StaticEditorFlags: 0
  m_IsActive: 1
--- !u!4 &6103387383067113441
Transform:
  m_ObjectHideFlags: 0
  m_CorrespondingSourceObject: {fileID: 0}
  m_PrefabInstance: {fileID: 0}
  m_PrefabAsset: {fileID: 0}
  m_GameObject: {fileID: 5430659051834436237}
  m_LocalRotation: {x: -0, y: -0, z: -0, w: 1}
  m_LocalPosition: {x: 0, y: 0, z: 0}
  m_LocalScale: {x: 1, y: 1, z: 1}
  m_ConstrainProportionsScale: 0
  m_Children: []
  m_Father: {fileID: 8501722099146047270}
  m_RootOrder: 1
  m_LocalEulerAnglesHint: {x: 0, y: 0, z: 0}
--- !u!114 &8770671259873034035
MonoBehaviour:
  m_ObjectHideFlags: 0
  m_CorrespondingSourceObject: {fileID: 0}
  m_PrefabInstance: {fileID: 0}
  m_PrefabAsset: {fileID: 0}
  m_GameObject: {fileID: 5430659051834436237}
  m_Enabled: 1
  m_EditorHideFlags: 0
  m_Script: {fileID: 11500000, guid: 8233d90336aea43098adf6dbabd606a2, type: 3}
  m_Name: 
  m_EditorClassIdentifier: 
  m_MeshFormatVersion: 2
  m_Faces:
  - m_Indexes: 020000000300000001000000020000000100000000000000
    m_SmoothingGroup: 0
    m_Uv:
      m_UseWorldSpace: 0
      m_FlipU: 0
      m_FlipV: 0
      m_SwapUV: 0
      m_Fill: 1
      m_Scale: {x: 1, y: 1}
      m_Offset: {x: 0, y: 0}
      m_Rotation: 0
      m_Anchor: 9
    m_Material: {fileID: 0}
    m_SubmeshIndex: 0
    m_ManualUV: 0
    elementGroup: -1
    m_TextureGroup: -1
  - m_Indexes: 060000000700000005000000060000000500000004000000
    m_SmoothingGroup: 0
    m_Uv:
      m_UseWorldSpace: 0
      m_FlipU: 0
      m_FlipV: 0
      m_SwapUV: 0
      m_Fill: 1
      m_Scale: {x: 1, y: 1}
      m_Offset: {x: 0, y: 0}
      m_Rotation: 0
      m_Anchor: 9
    m_Material: {fileID: 0}
    m_SubmeshIndex: 0
    m_ManualUV: 0
    elementGroup: -1
    m_TextureGroup: -1
  - m_Indexes: 0a0000000b000000090000000a0000000900000008000000
    m_SmoothingGroup: 0
    m_Uv:
      m_UseWorldSpace: 0
      m_FlipU: 0
      m_FlipV: 0
      m_SwapUV: 0
      m_Fill: 1
      m_Scale: {x: 1, y: 1}
      m_Offset: {x: 0, y: 0}
      m_Rotation: 0
      m_Anchor: 9
    m_Material: {fileID: 0}
    m_SubmeshIndex: 0
    m_ManualUV: 0
    elementGroup: -1
    m_TextureGroup: -1
  - m_Indexes: 0e0000000f0000000d0000000e0000000d0000000c000000
    m_SmoothingGroup: 0
    m_Uv:
      m_UseWorldSpace: 0
      m_FlipU: 0
      m_FlipV: 0
      m_SwapUV: 0
      m_Fill: 1
      m_Scale: {x: 1, y: 1}
      m_Offset: {x: 0, y: 0}
      m_Rotation: 0
      m_Anchor: 9
    m_Material: {fileID: 0}
    m_SubmeshIndex: 0
    m_ManualUV: 0
    elementGroup: -1
    m_TextureGroup: -1
  - m_Indexes: 120000001300000011000000120000001100000010000000
    m_SmoothingGroup: 0
    m_Uv:
      m_UseWorldSpace: 0
      m_FlipU: 0
      m_FlipV: 0
      m_SwapUV: 0
      m_Fill: 1
      m_Scale: {x: 1, y: 1}
      m_Offset: {x: 0, y: 0}
      m_Rotation: 0
      m_Anchor: 9
    m_Material: {fileID: 0}
    m_SubmeshIndex: 0
    m_ManualUV: 0
    elementGroup: -1
    m_TextureGroup: -1
  m_SharedVertices:
  - m_Vertices: 000000000d000000
  - m_Vertices: 0100000004000000
  - m_Vertices: 020000000f00000010000000
  - m_Vertices: 030000000600000011000000
  - m_Vertices: 0500000008000000
  - m_Vertices: 070000000a00000013000000
  - m_Vertices: 090000000c000000
  - m_Vertices: 0b0000000e00000012000000
  m_SharedTextures: []
  m_Positions:
  - {x: -0.07149196, y: -0.04372573, z: 0.09500207}
  - {x: 0.07149196, y: -0.04372573, z: 0.09500207}
  - {x: -0.07149196, y: 0.04372573, z: 0.09500207}
  - {x: 0.07149196, y: 0.04372573, z: 0.09500207}
  - {x: 0.07149196, y: -0.04372573, z: 0.09500207}
  - {x: 0.07149196, y: -0.04372573, z: -0.09500207}
  - {x: 0.07149196, y: 0.04372573, z: 0.09500207}
  - {x: 0.07149196, y: 0.04372573, z: -0.09500207}
  - {x: 0.07149196, y: -0.04372573, z: -0.09500207}
  - {x: -0.07149196, y: -0.04372573, z: -0.09500207}
  - {x: 0.07149196, y: 0.04372573, z: -0.09500207}
  - {x: -0.07149196, y: 0.04372573, z: -0.09500207}
  - {x: -0.07149196, y: -0.04372573, z: -0.09500207}
  - {x: -0.07149196, y: -0.04372573, z: 0.09500207}
  - {x: -0.07149196, y: 0.04372573, z: -0.09500207}
  - {x: -0.07149196, y: 0.04372573, z: 0.09500207}
  - {x: -0.07149196, y: 0.04372573, z: 0.09500207}
  - {x: 0.07149196, y: 0.04372573, z: 0.09500207}
  - {x: -0.07149196, y: 0.04372573, z: -0.09500207}
  - {x: 0.07149196, y: 0.04372573, z: -0.09500207}
  m_Textures0:
  - {x: -0.07149196, y: -0.04372573}
  - {x: 0.07149196, y: -0.04372573}
  - {x: -0.07149196, y: 0.04372573}
  - {x: 0.07149196, y: 0.04372573}
  - {x: -0.09500207, y: -0.04372573}
  - {x: 0.09500207, y: -0.04372573}
  - {x: -0.09500207, y: 0.04372573}
  - {x: 0.09500207, y: 0.04372573}
  - {x: -0.07149196, y: -0.04372573}
  - {x: 0.07149196, y: -0.04372573}
  - {x: -0.07149196, y: 0.04372573}
  - {x: 0.07149196, y: 0.04372573}
  - {x: -0.09500207, y: -0.04372573}
  - {x: 0.09500207, y: -0.04372573}
  - {x: -0.09500207, y: 0.04372573}
  - {x: 0.09500207, y: 0.04372573}
  - {x: 0.07149196, y: 0.09500207}
  - {x: -0.07149196, y: 0.09500207}
  - {x: 0.07149196, y: -0.09500207}
  - {x: -0.07149196, y: -0.09500207}
  m_Textures2: []
  m_Textures3: []
  m_Tangents:
  - {x: 1, y: 0, z: 0, w: -1}
  - {x: 1, y: 0, z: 0, w: -1}
  - {x: 1, y: 0, z: 0, w: -1}
  - {x: 1, y: 0, z: 0, w: -1}
  - {x: 0, y: 0, z: -1, w: -1}
  - {x: 0, y: 0, z: -1, w: -1}
  - {x: 0, y: 0, z: -1, w: -1}
  - {x: 0, y: 0, z: -1, w: -1}
  - {x: -1, y: 0, z: 0, w: -1}
  - {x: -1, y: 0, z: 0, w: -1}
  - {x: -1, y: 0, z: 0, w: -1}
  - {x: -1, y: 0, z: 0, w: -1}
  - {x: 0, y: 0, z: 1, w: -1}
  - {x: 0, y: 0, z: 1, w: -1}
  - {x: 0, y: 0, z: 1, w: -1}
  - {x: 0, y: 0, z: 1, w: -1}
  - {x: -1, y: 0, z: 0, w: -1}
  - {x: -1, y: 0, z: 0, w: -1}
  - {x: -1, y: 0, z: 0, w: -1}
  - {x: -1, y: 0, z: 0, w: -1}
  m_Colors: []
  m_UnwrapParameters:
    m_HardAngle: 88
    m_PackMargin: 20
    m_AngleError: 8
    m_AreaError: 15
  m_PreserveMeshAssetOnDestroy: 0
  assetGuid: 
  m_Mesh: {fileID: 0}
  m_VersionIndex: 1592
  m_IsSelectable: 1
  m_SelectedFaces: 
  m_SelectedEdges: []
  m_SelectedVertices: 
--- !u!114 &9096673077119143982
MonoBehaviour:
  m_ObjectHideFlags: 0
  m_CorrespondingSourceObject: {fileID: 0}
  m_PrefabInstance: {fileID: 0}
  m_PrefabAsset: {fileID: 0}
  m_GameObject: {fileID: 5430659051834436237}
  m_Enabled: 1
  m_EditorHideFlags: 0
  m_Script: {fileID: 11500000, guid: 1ca002da428252441b92f28d83c8a65f, type: 3}
  m_Name: 
  m_EditorClassIdentifier: 
  m_Shape:
    rid: 4883636138657972225
  m_Size: {x: 0.14298391, y: 0.08745146, z: 0.19000414}
  m_Rotation: {x: 0, y: 0, z: 0, w: 1}
  m_PivotLocation: 0
  m_PivotPosition: {x: 0, y: 0, z: 0}
  m_UnmodifiedMeshVersion: 1415
  m_ShapeBox:
    m_Center: {x: 0, y: 0, z: 0}
    m_Extent: {x: 0.07149196, y: 0.04372573, z: 0.09500207}
  references:
    version: 2
    RefIds:
    - rid: 4883636138657972225
      type: {class: Cube, ns: UnityEngine.ProBuilder.Shapes, asm: Unity.ProBuilder}
--- !u!23 &7133970275151332190
MeshRenderer:
  m_ObjectHideFlags: 0
  m_CorrespondingSourceObject: {fileID: 0}
  m_PrefabInstance: {fileID: 0}
  m_PrefabAsset: {fileID: 0}
  m_GameObject: {fileID: 5430659051834436237}
  m_Enabled: 1
  m_CastShadows: 1
  m_ReceiveShadows: 1
  m_DynamicOccludee: 1
  m_StaticShadowCaster: 0
  m_MotionVectors: 1
  m_LightProbeUsage: 1
  m_ReflectionProbeUsage: 1
  m_RayTracingMode: 2
  m_RayTraceProcedural: 0
  m_RenderingLayerMask: 1
  m_RendererPriority: 0
  m_Materials:
  - {fileID: 2100000, guid: ac8397b3204c65e4ea3b04a0e1ca0832, type: 2}
  m_StaticBatchInfo:
    firstSubMesh: 0
    subMeshCount: 0
  m_StaticBatchRoot: {fileID: 0}
  m_ProbeAnchor: {fileID: 0}
  m_LightProbeVolumeOverride: {fileID: 0}
  m_ScaleInLightmap: 1
  m_ReceiveGI: 1
  m_PreserveUVs: 0
  m_IgnoreNormalsForChartDetection: 0
  m_ImportantGI: 0
  m_StitchLightmapSeams: 1
  m_SelectedEditorRenderState: 2
  m_MinimumChartSize: 4
  m_AutoUVMaxDistance: 0.5
  m_AutoUVMaxAngle: 89
  m_LightmapParameters: {fileID: 0}
  m_SortingLayerID: 0
  m_SortingLayer: 0
  m_SortingOrder: 0
  m_AdditionalVertexStreams: {fileID: 0}
--- !u!33 &7513686276922822234
MeshFilter:
  m_ObjectHideFlags: 0
  m_CorrespondingSourceObject: {fileID: 0}
  m_PrefabInstance: {fileID: 0}
  m_PrefabAsset: {fileID: 0}
  m_GameObject: {fileID: 5430659051834436237}
  m_Mesh: {fileID: 0}
--- !u!64 &8499218159863884209
MeshCollider:
  m_ObjectHideFlags: 0
  m_CorrespondingSourceObject: {fileID: 0}
  m_PrefabInstance: {fileID: 0}
  m_PrefabAsset: {fileID: 0}
  m_GameObject: {fileID: 5430659051834436237}
  m_Material: {fileID: 0}
  m_IsTrigger: 0
  m_Enabled: 1
  serializedVersion: 4
  m_Convex: 0
  m_CookingOptions: 30
  m_Mesh: {fileID: 0}
